%%%%%%%%%%%%%%%%%%%%%%%%%%%%%%%%%%%%%%%%%%%%%%%%%%
%%
%% Conference Publications
%%
%%%%%%%%%%%%%%%%%%%%%%%%%%%%%%%%%%%%%%%%%%%%%%%%%%

@article{bidese2022light,
  title   = {Stellar Blend Image Classification Using Computationally Efficient {G}aussian Processes ({MuyGPs})},
  author  = {Bidese, Rafael and Eleh, Chinedu and Zhang, Yunli and Molinari, Roberto and Billor, Nedret and \myname and Goumiri, Im{\`e}ne R and Muyskens, Amanda L and Dunton, Alec M},
  journal = {arXiv preprint arXiv:2208.14592},
  year    = {2022}
}

@article{wood2022scalable,
  title   = {Scalable {G}aussian Process Hyperparameter Optimization via Coverage Regularization},
  author  = {Wood, Killian and Dunton, Alec M and Muyskens, Amanda and \myname},
  journal = {arXiv preprint arXiv:2209.11280},
  year    = {2022}
}

@article{goumiri2022light,
  title   = {Light curve completion and forecasting using fast and scalable {G}aussian processes ({MuyGPs})},
  author  = {Goumiri, Im{\`e}ne R and Dunton, Alec M and Muyskens, Amanda L and \myname and Armstrong, Robert E},
  journal = {arXiv preprint arXiv:2208.14592},
  year    = {2022}
}

@article{dunton2022fast,
  title   = {Fast {G}aussian Process Posterior Mean Prediction via Local Cross Validation and Precomputation},
  author  = {Dunton, Alec M and \myname and Muyskens, Amanda},
  journal = {arXiv preprint arXiv:2205.10879},
  year    = {2022}
}

@inproceedings{steil2021tripoll,
  title     = {{TriPoll}: computing surveys of triangles in massive-scale temporal graphs with metadata},
  author    = {Steil, Trevor and Reza, Tahsin and Iwabuchi, Keita and \myname and Sanders, Geoffrey and Pearce, Roger},
  booktitle = {Proceedings of the International Conference for High Performance Computing, Networking, Storage and Analysis},
  pages     = {1--12},
  year      = {2021}
}

@inproceedings{goumiri2020star,
  title     = {Star-Galaxy Separation via {G}aussian Processes with Model Reduction},
  author    = {Goumiri, Im{\`e}ne R and Muyskens, Amanda L and Schneider, Michael D and \myname and Armstrong, Robert E},
  booktitle = {2020 Advanced Maui Optical and Space Surveillance Technologies Conference (AMOS)},
  year      = {2020}
}

@inproceedings{priest2020scaling,
  title        = {Scaling Graph Clustering with Distributed Sketches},
  author       = {\myname and Dunton, Alec and Sanders, Geoffrey},
  booktitle    = {2020 IEEE High Performance Extreme Computing Conference (HPEC)},
  pages        = {1--7},
  year         = {2020},
  organization = {IEEE}
}

@inproceedings{goumiri2020reinforcement,
  title        = {Reinforcement learning via {G}aussian processes with neural network dual kernels},
  author       = {Goumiri, Im\`{e}ne R and \myname and Schneider, Michael D},
  booktitle    = {2020 IEEE Conference on Games (CoG)},
  pages        = {1--8},
  year         = {2020},
  organization = {IEEE}
}

@inproceedings{steil2020kronecker,
  title        = {Kronecker graph generation with ground truth for 4-cycles and dense structure in bipartite graphs},
  author       = {Steil, Trevor and McMillan, Scott and Sanders, Geoffrey and Pearce, Roger and \myname},
  booktitle    = {2020 IEEE International Parallel and Distributed Processing Symposium Workshops (IPDPSW)},
  pages        = {237--246},
  year         = {2020},
  organization = {IEEE}
}

@inproceedings{pearce2019one,
  title        = {One quadrillion triangles queried on one million processors},
  author       = {Pearce, Roger and Steil, Trevor and \myname and Sanders, Geoffrey},
  booktitle    = {2019 IEEE High Performance Extreme Computing Conference ({HPEC})},
  pages        = {1--5},
  year         = {2019},
  organization = {IEEE}
}

@inproceedings{priest2019you,
  title        = {You've got mail ({ygm}): Building missing asynchronous communication primitives},
  author       = {\myname and Steil, Trevor and Sanders, Geoffrey and Pearce, Roger},
  booktitle    = {2019 IEEE International Parallel and Distributed Processing Symposium Workshops (IPDPSW)},
  pages        = {221--230},
  year         = {2019},
  organization = {IEEE}
}

@inproceedings{steil2019distributed,
  title        = {Distributed kronecker graph generation with ground truth of many graph properties},
  author       = {Steil, Trevor and \myname and Sanders, Geoffrey and Pearce, Roger and La Fond, Timothy and Iwabuchi, Keita},
  booktitle    = {2019 IEEE International Parallel and Distributed Processing Symposium Workshops (IPDPSW)},
  pages        = {251--260},
  year         = {2019},
  organization = {IEEE}
}

@inproceedings{priest2018estimating,
  title        = {Estimating edge-local triangle count heavy hitters in edge-linear time and almost-vertex-linear space},
  author       = {\myname and Pearce, Roger and Sanders, Geoffrey},
  booktitle    = {2018 IEEE High Performance extreme Computing Conference ({HPEC})},
  pages        = {1--7},
  year         = {2018},
  organization = {IEEE}
}

@inproceedings{pham2018quantitative,
  title     = {A Quantitative Framework to Model Advanced Persistent Threats.},
  author    = {Pham, Luan Huy and Albanese, Massimiliano and \myname},
  booktitle = {ICETE (2)},
  pages     = {448--459},
  year      = {2018}
}

@inproceedings{priest2015agent,
  title     = {Agent-based simulation in support of moving target cyber defense technology development and evaluation},
  author    = {\myname and Vuksani, Era and Wagner, Neal and Tello, Brady and Carter, Kevin M and Streilein, William W},
  booktitle = {Proceedings of the 18th Symposium on Communications \& Networking},
  pages     = {16--23},
  year      = {2015}
}

@inproceedings{carter2015characterization,
  title     = {Characterization of Latent Social Networks Discovered through Computer Network Logs},
  author    = {Carter, Kevin M and Caceres, Rajmonda S and \myname},
  booktitle = {Networks in the Social and Information Sciences workshop of the 29th Annual Conference on Neural Information Processing Systems},
  year      = {2015}
}

@inproceedings{priest2014characterizing,
  title     = {Characterizing latent user interests on enterprise networks},
  author    = {\myname and Carter, Kevin M},
  booktitle = {The Twenty-Seventh International Flairs Conference},
  year      = {2014}
}

@inproceedings{carter2014latent,
  title     = {Latent community discovery through enterprise user search query modeling},
  author    = {Carter, Kevin M and Caceres, Rajmonda S and \myname},
  booktitle = {Proceedings of the 37th international ACM SIGIR conference on Research \& development in information retrieval},
  pages     = {871--874},
  year      = {2014}
}

@inproceedings{gold2013modeling,
  title        = {Modeling how thinking about the past and future impacts network traffic with the gosmr architecture},
  author       = {Gold, Kevin and Weber, Zachary J and \myname and Ziegler, Josh and Sittig, Karen and Streilein, William W and Mazumder, Mark},
  booktitle    = {Proceedings of the 2013 international conference on Autonomous agents and multi-agent systems},
  pages        = {127--134},
  year         = {2013},
  organization = {Citeseer}
}

@inproceedings{priest2013utility,
  title     = {Utility discounting explains informational website traffic patterns before a hurricane},
  author    = {\myname and Gold, Kevin},
  booktitle = {Proceedings of the 22nd International Conference on World Wide Web},
  pages     = {53--54},
  year      = {2013}
}

@inproceedings{gold2013expectation,
  title     = {An expectation maximization approach to detecting compromised remote access accounts},
  author    = {Gold, Kevin and \myname and Carter, Kevin M},
  booktitle = {The Twenty-Sixth International FLAIRS Conference},
  year      = {2013}
}

%%%%%%%%%%%%%%%%%%%%%%%%%%%%%%%%%%%%%%%%%%%%%%%%%%
%%
%% Journal Publications
%%
%%%%%%%%%%%%%%%%%%%%%%%%%%%%%%%%%%%%%%%%%%%%%%%%%%

@article{buchanan2022gaussian,
  title     = {{G}aussian Process Classification for Galaxy Blend Identification in {LSST}},
  author    = {Buchanan, James J and Schneider, Michael D and Armstrong, Robert E and Muyskens, Amanda L and \myname and Dana, Ryan J},
  journal   = {The Astrophysical Journal},
  volume    = {924},
  number    = {2},
  pages     = {94},
  year      = {2022},
  publisher = {IOP Publishing}
}

@article{muyskens2022star,
  title     = {Star--Galaxy Image Separation with Computationally Efficient {G}aussian Process Classification},
  author    = {Muyskens, Amanda L and Goumiri, Im{\`e}ne R and \myname and Schneider, Michael D and Armstrong, Robert E and Bernstein, Jason and Dana, Ryan},
  journal   = {The Astronomical Journal},
  volume    = {163},
  number    = {4},
  pages     = {148},
  year      = {2022},
  publisher = {IOP Publishing}
}

%%%%%%%%%%%%%%%%%%%%%%%%%%%%%%%%%%%%%%%%%%%%%%%%%%
%%
%% arXiV Papers
%%
%%%%%%%%%%%%%%%%%%%%%%%%%%%%%%%%%%%%%%%%%%%%%%%%%%

@article{bernstein2023analysis,
  title   = {An Analysis of the Johnson-Lindenstrauss Lemma with the Bivariate Gamma Distribution},
  author  = {Bernstein, Jason and Dunton, Alec M and Priest, Benjamin W},
  journal = {arXiv preprint arXiv:2305.17123},
  year    = {2023}
}

@article{muyskens2021muygps,
  title   = {Muy{GP}s: Scalable {G}aussian Process Hyperparameter Estimation Using Local Cross-Validation},
  author  = {Muyskens, Amanda and \myname and Goumiri, Im{\`e}ne and Schneider, Michael},
  journal = {arXiv preprint arXiv:2104.14581},
  year    = {2021}
}

@article{otten2020quantum,
  title   = {Quantum machine learning using {G}aussian processes with performant quantum kernels},
  author  = {Otten, Matthew and Goumiri, Im{\`e}ne R and \myname and Chapline, George F and Schneider, Michael D},
  journal = {arXiv preprint arXiv:2004.11280},
  year    = {2020}
}

@article{priest2020degreesketch,
  title   = {DegreeSketch: Distributed Cardinality Sketches on Massive Graphs with Applications},
  author  = {\myname},
  journal = {arXiv preprint arXiv:2004.04289},
  year    = {2020}
}


%%%%%%%%%%%%%%%%%%%%%%%%%%%%%%%%%%%%%%%%%%%%%%%%%%
%%
%% Working Papers
%%
%%%%%%%%%%%%%%%%%%%%%%%%%%%%%%%%%%%%%%%%%%%%%%%%%%

@unpublished{priest2023fast,
  title  = {Fast approximate K-nearest neighbors recovery of graphs using subspace embeddings on graph exponents},
  author = {\myname and Steil, Trevor and Sanders, Geoffrey and Iwabuchi, Keita},
  year   = {\ndd}
}

@unpublished{priest2023modeling,
  title  = {Modeling weak lensing shear Fast approximate K-nearest neighbors recovery of graphs using subspace embeddings on graph exponents},
  author = {\myname and Armstrong, Robert E and Sallaberry, Gregory},
  year   = {\ndd}
}

@unpublished{goumiri2023light,
  title   = {Light Curve Forecasting and Anomaly Detection Using Scalable, Anisotropic, and Heteroscedastic {G}aussian Process Models},
  author  = {Goumiri, Im{\`e}ne R and Muyskens, Amanda L and \myname and Armstrong, Robert E},
  journal = {Advanced Maui Optical and Space Surveillance Technologies Conference},
  year    = {\ndd}
}

@unpublished{muyskens2022analysis,
  title  = {An Analysis of the Sensitivity of Kernel Hyperparameters on the Kriging Weights},
  author = {Muyskens, Amanda and \myname and Goumiri, Im\`{e}ne R and Schneider, Michael D},
  year   = {\ndd}
}

%%%%%%%%%%%%%%%%%%%%%%%%%%%%%%%%%%%%%%%%%%%%%%%%%%
%%
%% Book Chapters
%%
%%%%%%%%%%%%%%%%%%%%%%%%%%%%%%%%%%%%%%%%%%%%%%%%%%

@unpublished{sanders2022massive,
  title     = {Massive-Scale Distributed Triangle Enumeration and Applications},
  author    = {Sanders, Geoffrey and Pearce, Roger and \myname and Steil, Trevor},
  booktitle = {Processing Very Large Graphs},
  year      = {\ndd}
}

@incollection{priest2019online,
  title     = {Online and Scalable Adaptive Cyber Defense},
  author    = {\myname and Cybenko, George and Singh, Satinder and Albanese, Massimiliano and Liu, Peng},
  booktitle = {Adversarial and Uncertain Reasoning for Adaptive Cyber Defense},
  pages     = {232--261},
  year      = {2019},
  publisher = {Springer}
}

%%%%%%%%%%%%%%%%%%%%%%%%%%%%%%%%%%%%%%%%%%%%%%%%%%
%%
%% Unreviewed Publications
%%
%%%%%%%%%%%%%%%%%%%%%%%%%%%%%%%%%%%%%%%%%%%%%%%%%%

@inproceedings{priest2017approximating,
  title        = {Approximating centrality in evolving graphs: toward sublinearity},
  author       = {\myname and Cybenko, George},
  booktitle    = {Sensors, and Command, Control, Communications, and Intelligence (C3I) Technologies for Homeland Security, Defense, and Law Enforcement Applications XVI},
  volume       = {10184},
  pages        = {58--66},
  year         = {2017},
  organization = {SPIE}
}

@inproceedings{priest2016efficient,
  title        = {Efficient inference of hidden Markov models from large observation sequences},
  author       = {\myname and Cybenko, George},
  booktitle    = {Sensors, and Command, Control, Communications, and Intelligence (C3I) Technologies for Homeland Security, Defense, and Law Enforcement Applications XV},
  volume       = {9825},
  pages        = {179--187},
  year         = {2016},
  organization = {SPIE}
}

%%%%%%%%%%%%%%%%%%%%%%%%%%%%%%%%%%%%%%%%%%%%%%%%%%
%%
%% Technical Reports
%%
%%%%%%%%%%%%%%%%%%%%%%%%%%%%%%%%%%%%%%%%%%%%%%%%%%

@techreport{filippov2020genetic,
  title       = {Genetic Algorithm for Hyperparameter Optimization in {G}aussian Process Modeling},
  author      = {Filippov, Andrei and Goumiri, Im{\`e}ne R and \myname},
  year        = {2020},
  institution = {Lawrence Livermore National Lab.(LLNL), Livermore, CA (United States)}
}


%%%%%%%%%%%%%%%%%%%%%%%%%%%%%%%%%%%%%%%%%%%%%%%%%%
%%
%% Conference Talks
%%
%%%%%%%%%%%%%%%%%%%%%%%%%%%%%%%%%%%%%%%%%%%%%%%%%%


%%%%%%%%%%%%%%%%%%%%%%%%%%%%%%%%%%%%%%%%%%%%%%%%%%
%%
%% Conference Poster Presentations
%%
%%%%%%%%%%%%%%%%%%%%%%%%%%%%%%%%%%%%%%%%%%%%%%%%%%

